%% This BibTeX bibliography file was created using BibDesk.
%% http://bibdesk.sourceforge.net/


%% Created for Lauro Cesar Araujo at 2015-04-27 19:43:45 -0300 


%% Saved with string encoding Unicode (UTF-8) 

 @article{weldson2004,  
        title={An Integrated Environment to Handle Multicast Traffic},  
        ISSN={1790-0832},  
        issue={3},
        volume={1},
        journal={Transactions on Information Science and Applications},  
        publisher={WSEAS},  
        author={Weldson Queiroz de Lima and Sergio Vianna Fialho},  
        year={2004},  
        month={Sep},  
        pages={884–887}}


@inproceedings{DBLP:conf/noms/LimaAVATG06, author = {Weldson Queiroz de Lima and Rodrigo Sanger Alves and Ricardo Lemos Vianna and Maria Janilce Bosquiroli Almeida and Liane Margarida Rockenbach Tarouco and Lisandro Zambenedetti Granville}, editor = {Joseph L. Hellerstein and Burkhard Stiller}, title = {Evaluating the Performance of {SNMP} and Web Services Notifications}, booktitle = {Management of Integrated End-to-End Communications and Services, 10th {IEEE/IFIP} Network Operations and Management Symposium, {NOMS} 2006, Vancouver, Canada, April 3-7, 2006. Proceedings}, pages = {546--556}, publisher = {{IEEE}}, year = {2006}, url = {https://doi.org/10.1109/NOMS.2006.1687583}, doi = {10.1109/NOMS.2006.1687583}, timestamp = {Wed, 16 Oct 2019 14:14:54 +0200}, biburl = {https://dblp.org/rec/conf/noms/LimaAVATG06.bib}, bibsource = {dblp computer science bibliography, https://dblp.org} }

@inproceedings{DBLP:conf/policy/FrancoLSPATGBJF06, author = {Theo Ferreira Franco and Weldson Queiroz de Lima and Giancarlo Silvestrin and Rafael Corezola Pereira and Maria Janilce Bosquiroli Almeida and Liane Margarida Rockenbach Tarouco and Lisandro Zambenedetti Granville and Andr{\'{e}} Beller and Edgard Jamhour and Mauro Fonseca}, title = {Substituting {COPS-PR:} An Evaluation of {NETCONF} and {SOAP} for Policy Provisioning}, booktitle = {7th {IEEE} International Workshop on Policies for Distributed Systems and Networks {(POLICY} 2006), 5-7 June 2006, London, Ontario, Canada}, pages = {195--204}, publisher = {{IEEE} Computer Society}, year = {2006}, url = {https://doi.org/10.1109/POLICY.2006.35}, doi = {10.1109/POLICY.2006.35}, timestamp = {Thu, 23 Mar 2023 23:58:42 +0100}, biburl = {https://dblp.org/rec/conf/policy/FrancoLSPATGBJF06.bib}, bibsource = {dblp computer science bibliography, https://dblp.org} }

@mastersthesis{weldsonufrn,
        address={Natal-RN}, 
        author={Weldson Queiroz de Lima}, 
        pages={84}, 
        School = {Universidade Federal do Rio Grande do Norte},
	Title = {Um ambiente integrado para manipulação de tráfego multicast},
	Type = {Mestrado},
	Year = {2004},
        biburl={https://repositorio.ufrn.br/jspui/handle/123456789/15274}}

@monography{weldsonufrgs, 
        address={Porto Alegre-RS}, 
        author={Weldson Queiroz de Lima}, 
        pages={45}, 
        school={Escola de Administração, Universidade Federal do Rio Grande do Sul}, 
        title={Contribuições do SERPRO para a formação do Programa de Governo Eletrônico Brasileiro em uma perspectiva fazendária}, 
        type={Especialização}, 
        year={2015},
        biburl={http://hdl.handle.net/10183/127404}}